@article{hoffmann1991cuspidal,
  title={Cuspidal functions and diophantine approximation},
  author={Hoffmann, Werner},
  journal={Mathematische Annalen},
  volume={291},
  number={1},
  pages={357--372},
  year={1991},
  publisher={Springer}
}

@article{finis2021remainder,
  title={On the remainder term of the Weyl law for congruence subgroups of Chevalley groups},
  author={Finis, Tobias and Lapid, Erez},
  year={2021}
}